
@article{alexander_validation_2015,
  title = {Validation of Origin-Destination Trips by Purpose and Time of Day Inferred from Mobile Phone Data},
  author = {Alexander, Lauren and Jiang, Shan and Murga, Mikel and Gonz, Marta C},
  date = {2015},
  journaltitle = {Transportation Research Part B: Methodological},
  pages = {1--20},
  issn = {0968-090X},
  doi = {10.1016/j.trc.2015.02.018},
  url = {http://dx.doi.org/10.1016/j.trc.2015.02.018},
  keywords = {Data Mining,Human mobility,mobile phone data,trip production and}
}

@article{barrington-leigh_world_2017,
  title = {The World’s User-Generated Road Map Is More than 80\% Complete},
  author = {Barrington-Leigh, Christopher and Millard-Ball, Adam},
  date = {2017-08-10},
  journaltitle = {PLOS ONE},
  shortjournal = {PLOS ONE},
  volume = {12},
  number = {8},
  pages = {e0180698},
  issn = {1932-6203},
  doi = {10.1371/journal.pone.0180698},
  url = {http://journals.plos.org/plosone/article?id=10.1371/journal.pone.0180698},
  urldate = {2017-08-14},
  keywords = {Behavioral geography,China,Confidence intervals,Geoinformatics,human mobility,Internet,Population density,Roads}
}

@book{boyce_forecasting_2015,
  title = {Forecasting {{Urban Travel}}: {{Past}}, {{Present}} and {{Future}}},
  shorttitle = {Forecasting {{Urban Travel}}},
  author = {Boyce, David E. and Williams, Huw C. W. L.},
  date = {2015-02-27},
  publisher = {{Edward Elgar Publishing}},
  isbn = {978-1-78471-359-1},
  langid = {english},
  pagetotal = {661},
  keywords = {Business & Economics / Industries / Transportation,Transportation / Public Transportation}
}

@article{Broach2012,
  title = {Where Do Cyclists Ride? {{A}} Route Choice Model Developed with Revealed Preference {{GPS}} Data},
  author = {Broach, Joseph and Dill, Jennifer and Gliebe, John},
  date = {2012},
  journaltitle = {Transportation Research Part A: Policy and Practice},
  volume = {46},
  number = {10},
  pages = {1730--1740},
  issn = {0965-8564},
  doi = {10.1016/j.tra.2012.07.005},
  url = {https://www.sciencedirect.com/science/article/pii/S0965856412001164},
  keywords = {Bicycle infrastructure,Bicycle lanes,Bicycling,Revealed preference,Route choice}
}

@article{buehler_bikeway_2016,
  title = {Bikeway {{Networks}}: {{A Review}} of {{Effects}} on {{Cycling}}},
  shorttitle = {Bikeway {{Networks}}},
  author = {Buehler, Ralph and Dill, Jennifer},
  date = {2016-01-02},
  journaltitle = {Transport Reviews},
  volume = {36},
  number = {1},
  pages = {9--27},
  issn = {0144-1647},
  doi = {10.1080/01441647.2015.1069908},
  url = {http://dx.doi.org/10.1080/01441647.2015.1069908},
  urldate = {2016-05-05},
  file = {/home/robin/Zotero/storage/W2JTHKZ9/Bikeway Networks A Review of Effects on Cycling.pdf;/home/robin/Zotero/storage/JHD7F6U3/01441647.2015.html}
}

@article{cooper_predictive_2018,
  ids = {cooper_predictive_2018a},
  title = {Predictive Spatial Network Analysis for High-Resolution Transport Modeling, Applied to Cyclist Flows, Mode Choice, and Targeting Investment},
  author = {Cooper, Crispin H. V.},
  date = {2018-03-12},
  journaltitle = {International Journal of Sustainable Transportation},
  volume = {0},
  number = {0},
  pages = {1--11},
  issn = {1556-8318},
  doi = {10.1080/15568318.2018.1432730},
  url = {https://doi.org/10.1080/15568318.2018.1432730},
  urldate = {2018-03-27},
  keywords = {cross-validation,Cycling,four step models,multiple regression,spatial network analysis},
  file = {/home/robin/Zotero/storage/2YXEI3Q5/Cooper - 2018 - Predictive spatial network analysis for high-resol.pdf;/home/robin/Zotero/storage/5RY2KV6N/15568318.2018.html}
}

@article{deegan_cycling_2015,
  title = {Cycling Infrastructure in {{London}}},
  author = {Deegan, Brian},
  date = {2015-11-13},
  journaltitle = {Proceedings of the Institution of Civil Engineers - Engineering Sustainability},
  shortjournal = {Proceedings of the Institution of Civil Engineers - Engineering Sustainability},
  volume = {169},
  number = {3},
  pages = {92--100},
  issn = {1478-4629},
  doi = {10.1680/jensu.15.00001},
  url = {https://www.icevirtuallibrary.com/doi/abs/10.1680/jensu.15.00001},
  urldate = {2018-03-28},
  file = {/home/robin/Zotero/storage/3IL6Y25R/Deegan - 2015 - Cycling infrastructure in London.pdf;/home/robin/Zotero/storage/LSZWY6B7/jensu.15.00001.pdf;/home/robin/Zotero/storage/RHYGPTHJ/jensu.15.html}
}

@article{desjardins_correlates_2022,
  title = {Correlates of Bicycling Trip~Flows in {{Hamilton}}, {{Ontario}}: Fastest, Quietest, or Balanced Routes?},
  shorttitle = {Correlates of Bicycling Trip~Flows in {{Hamilton}}, {{Ontario}}},
  author = {Desjardins, Elise and Higgins, Christopher D. and Scott, Darren M. and Apatu, Emma and Páez, Antonio},
  date = {2022-06-01},
  journaltitle = {Transportation},
  shortjournal = {Transportation},
  volume = {49},
  number = {3},
  pages = {867--895},
  issn = {1572-9435},
  doi = {10.1007/s11116-021-10197-1},
  url = {https://doi.org/10.1007/s11116-021-10197-1},
  urldate = {2022-06-27},
  langid = {english},
  keywords = {Bicycling,Route choice,Spatial interaction modelling}
}

@article{felix_build_2020a,
  title = {Build It and Give ‘em Bikes, and They Will Come: {{The}} Effects of Cycling Infrastructure and Bike-Sharing System in {{Lisbon}}},
  shorttitle = {Build It and Give ‘em Bikes, and They Will Come},
  author = {Félix, Rosa and Cambra, Paulo and Moura, Filipe},
  date = {2020-06-01},
  journaltitle = {Case Studies on Transport Policy},
  shortjournal = {Case Studies on Transport Policy},
  volume = {8},
  pages = {672--682},
  doi = {10.1016/j.cstp.2020.03.002}
}

@article{goodman_scenarios_2019,
  title = {Scenarios of Cycling to School in {{England}}, and Associated Health and Carbon Impacts: {{Application}} of the ‘{{Propensity}} to {{Cycle Tool}}’},
  shorttitle = {Scenarios of Cycling to School in {{England}}, and Associated Health and Carbon Impacts},
  author = {Goodman, Anna and Rojas, Ilan Fridman and Woodcock, James and Aldred, Rachel and Berkoff, Nikolai and Morgan, Malcolm and Abbas, Ali and Lovelace, Robin},
  date = {2019-03-01},
  journaltitle = {Journal of Transport \& Health},
  shortjournal = {Journal of Transport \& Health},
  volume = {12},
  pages = {263--278},
  issn = {2214-1405},
  doi = {10.1016/j.jth.2019.01.008},
  url = {http://www.sciencedirect.com/science/article/pii/S2214140518301257},
  urldate = {2019-03-04},
  keywords = {Active travel,Carbon emissions,Cycling,Modelling,Physical activity,School},
  file = {/home/robin/Zotero/storage/JR56F4C4/Goodman et al. - 2019 - Scenarios of cycling to school in England, and ass.pdf;/home/robin/Zotero/storage/EQ8SHGTZ/S2214140518301257.html}
}

@misc{IMOB,
  title = {Mobilidade e Funcionalidade Do Território Nas {{Áreas Metropolitanas}} Do {{Porto}} e de {{Lisboa}}: 2017},
  author = {{Instituto National de Estatística}},
  date = {2018},
  location = {{Lisboa}},
  url = {https://www.ine.pt/xportal/xmain?xpid=INE&xpgid=ine_publicacoes&PUBLICACOESpub_boui=349495406&PUBLICACOESmodo=2&xlang=pt},
  isbn = {978-989-25-0478-0}
}

@article{jafari_investigation_2015,
  title = {Investigation of {{Centroid Connector Placement}} for {{Advanced Traffic Assignment Models}} with {{Added Network Detail}}},
  author = {Jafari, Ehsan and Gemar, Mason D. and Juri, Natalia Ruiz and Duthie, Jennifer},
  date = {2015-06},
  journaltitle = {Transportation Research Record: Journal of the Transportation Research Board},
  volume = {2498},
  pages = {19--26},
  issn = {0361-1981},
  doi = {10.3141/2498-03},
  url = {http://trrjournalonline.trb.org/doi/10.3141/2498-03},
  urldate = {2018-01-01},
  langid = {english},
  file = {/home/robin/Zotero/storage/AFECVAKB/AnInvestigationofCentroidConnectorPlacementforAdvancedTrafficAssignment.pdf}
}

@article{larsen_build_2013,
  title = {Build It. {{But}} Where? {{The}} Use of Geographic Information Systems in Identifying Locations for New Cycling Infrastructure},
  shorttitle = {Build It. {{But}} Where?},
  author = {Larsen, Jacob and Patterson, Zachary and El-Geneidy, Ahmed},
  date = {2013},
  journaltitle = {International Journal of Sustainable Transportation},
  volume = {7},
  number = {4},
  pages = {299--317},
  url = {http://www.tandfonline.com/doi/abs/10.1080/15568318.2011.631098},
  urldate = {2015-11-25},
  file = {/home/robin/Zotero/storage/B4JTKRP7/15568318%2E2011%2E631098.pdf;/home/robin/Zotero/storage/S58EJ97Z/53d8ea610cf2631430c37b53.pdf}
}

@article{leninisha_water_2015,
  title = {Water Flow Based Geometric Active Deformable Model for Road Network},
  author = {Leninisha, Shanmugam and Vani, Kaliaperumal},
  date = {2015-04-01},
  journaltitle = {ISPRS Journal of Photogrammetry and Remote Sensing},
  shortjournal = {ISPRS Journal of Photogrammetry and Remote Sensing},
  volume = {102},
  pages = {140--147},
  issn = {0924-2716},
  doi = {10.1016/j.isprsjprs.2015.01.013},
  url = {https://www.sciencedirect.com/science/article/pii/S0924271615000301},
  urldate = {2022-06-27},
  langid = {english},
  keywords = {Geometric active deformable model,Linear feature detection,Road junction recognition,Road network extraction,Semi-automatic approach,Water flow approach}
}

@unpublished{lovelace_assessing_2022,
  title = {Assessing Methods for Generating Route Networks from Origin-Destionation Data: Jittering, Routing, and Visualisation},
  shorttitle = {Assessing Methods for Generating Route Networks from Origin-Destionation Data},
  author = {Lovelace, Robin and Félix, Rosa and Carlin, Dustin and Beecham, Roger},
  date = {2022-03-29},
  publisher = {{Zenodo}},
  doi = {10.5281/zenodo.6410196},
  url = {https://zenodo.org/record/6410196},
  urldate = {2022-06-27},
  eventtitle = {30th {{Annual Geographical Information Science Research UK}} ({{GISRUK}})},
  venue = {{Liverpool, United Kingdom}},
  file = {/home/robin/Zotero/storage/83XYIBJK/Lovelace et al. - 2022 - Assessing methods for generating route networks fr.pdf}
}

@article{lovelace_jittering_2022b,
  title = {Jittering: {{A Computationally Efficient Method}} for {{Generating Realistic Route Networks}} from {{Origin-Destination Data}}},
  shorttitle = {Jittering},
  author = {Lovelace, Robin and Félix, Rosa and Carlino, Dustin},
  date = {2022-04-08},
  journaltitle = {Findings},
  shortjournal = {Findings},
  pages = {33873},
  publisher = {{Findings Press}},
  doi = {10.32866/001c.33873},
  url = {https://findingspress.org/article/33873-jittering-a-computationally-efficient-method-for-generating-realistic-route-networks-from-origin-destination-data},
  urldate = {2022-05-05},
  langid = {english},
  file = {/home/robin/Zotero/storage/MW7B8GVG/Lovelace et al. - 2022 - Jittering A Computationally Efficient Method for .pdf;/home/robin/Zotero/storage/QZU3J666/33873-jittering-a-computationally-efficient-method-for-generating-realistic-route-networks-from.html}
}

@article{lovelace_open_2020,
  ids = {lovelace_open_2020a},
  title = {Open Access Transport Models: {{A}} Leverage Point in Sustainable Transport Planning},
  shorttitle = {Open Access Transport Models},
  author = {Lovelace, Robin and Parkin, John and Cohen, Tom},
  date = {2020-10-01},
  journaltitle = {Transport Policy},
  shortjournal = {Transport Policy},
  volume = {97},
  pages = {47--54},
  issn = {0967-070X},
  doi = {10.1016/j.tranpol.2020.06.015},
  url = {http://www.sciencedirect.com/science/article/pii/S0967070X19302781},
  urldate = {2020-08-04},
  langid = {english},
  keywords = {Accessible models,Cycling,Demand modelling,Open access data,Open access models,Open access software,Sustainable transport,Transport planning},
  file = {/home/robin/Zotero/storage/MNB2VCS6/Lovelace et al. - 2020 - Open access transport models A leverage point in .pdf;/home/robin/Zotero/storage/VPTJXKA6/Lovelace et al. - 2020 - Open access transport models A leverage point in .pdf;/home/robin/Zotero/storage/9TKN7ZXD/S0967070X19302781.html;/home/robin/Zotero/storage/MJ3A6X2A/S0967070X19302781.html}
}

@article{lovelace_propensity_2017,
  title = {The {{Propensity}} to {{Cycle Tool}}: {{An}} Open Source Online System for Sustainable Transport Planning},
  shorttitle = {The {{Propensity}} to {{Cycle Tool}}},
  author = {Lovelace, Robin and Goodman, Anna and Aldred, Rachel and Berkoff, Nikolai and Abbas, Ali and Woodcock, James},
  date = {2017-01-01},
  journaltitle = {Journal of Transport and Land Use},
  volume = {10},
  number = {1},
  issn = {1938-7849},
  doi = {10.5198/jtlu.2016.862},
  url = {https://www.jtlu.org/index.php/jtlu/article/view/862},
  urldate = {2017-06-01},
  langid = {english},
  keywords = {Cycling,Participatory,Planning},
  file = {/home/robin/Zotero/storage/M9Y6T54T/Lovelace et al. - 2017 - The Propensity to Cycle Tool An open source onlin.pdf}
}

@article{lovelace_stplanr_2018,
  title = {Stplanr: {{A Package}} for {{Transport Planning}}},
  author = {Lovelace, Robin and Ellison, Richard},
  date = {2018},
  journaltitle = {The R Journal},
  volume = {10},
  number = {2},
  pages = {7--23},
  doi = {10.32614/RJ-2018-053},
  url = {https://doi.org/10.32614/RJ-2018-053},
  urldate = {2016-11-24},
  file = {/home/robin/Zotero/storage/Y7KU3RMP/Lovelace and Ellison - 2018 - stplanr A Package for Transport Planning.pdf;/home/robin/Zotero/storage/AEGWQPFR/stplanr-paper.html}
}

@article{mekuria2012low,
  title = {Low-Stress Bicycling and Network Connectivity},
  author = {Mekuria, Maaza C and Furth, Peter G and Nixon, Hilary},
  date = {2012},
  publisher = {{Mineta Transportation Institute}},
  url = {https://scholarworks.sjsu.edu/cgi/viewcontent.cgi?article=1073&context=mti_publications}
}

@incollection{mindell_chapter_2020,
  title = {Chapter Seven - {{Transport}} and Community Severance},
  booktitle = {Advances in {{Transportation}} and {{Health}}},
  author = {Mindell, Jennifer S. and Anciaes, Paulo R.},
  editor = {Nieuwenhuijsen, Mark J. and Khreis, Haneen},
  date = {2020-01-01},
  pages = {175--196},
  publisher = {{Elsevier}},
  doi = {10.1016/B978-0-12-819136-1.00007-3},
  url = {https://www.sciencedirect.com/science/article/pii/B9780128191361000073},
  urldate = {2022-06-27},
  isbn = {978-0-12-819136-1},
  langid = {english},
  keywords = {barrier effect,Community severance,motor vehicles,pedestrian crossings,speed,transport infrastructure,walking},
  file = {/home/robin/Zotero/storage/YAIZSB6R/B9780128191361000073.html}
}

@article{mohammed_origindestination_2022,
  title = {Origin-Destination Inference in Public Transportation Systems: {{A}} Comprehensive Review},
  shorttitle = {Origin-Destination Inference in Public Transportation Systems},
  author = {Mohammed, Mohammed and Oke, Jimi},
  date = {2022-03-23},
  journaltitle = {International Journal of Transportation Science and Technology},
  shortjournal = {International Journal of Transportation Science and Technology},
  issn = {2046-0430},
  doi = {10.1016/j.ijtst.2022.03.002},
  url = {https://www.sciencedirect.com/science/article/pii/S2046043022000223},
  urldate = {2022-06-27},
  langid = {english},
  keywords = {Automated data collection systems,Origin-destination inference,Transit,Trip chaining},
  file = {/home/robin/Zotero/storage/2BUGHC9S/Mohammed and Oke - 2022 - Origin-destination inference in public transportat.pdf;/home/robin/Zotero/storage/NZ2QAL2D/S2046043022000223.html}
}

@article{morgan_travel_2020,
  ids = {morgan_travel_2020a},
  title = {Travel Flow Aggregation: Nationally Scalable Methods for Interactive and Online Visualisation of Transport Behaviour at the Road Network Level},
  author = {Morgan, Malcolm and Lovelace, Robin},
  date = {2020-07},
  journaltitle = {Environment \& Planning B: Planning \& Design},
  publisher = {{SAGE PublicationsSage UK: London, England}},
  doi = {10.1177/2399808320942779},
  file = {/home/robin/Zotero/storage/PFJBTCV8/Morgan and Lovelace - 2020 - Travel flow aggregation Nationally scalable metho.pdf;/home/robin/Zotero/storage/3MAT8X6H/2399808320942779.html}
}

@report{ogcopengeospatialconsortiuminc_opengis_2011,
  title = {{{OpenGIS Implementation Specification}} for {{Geographic}} Information - {{Simple}} Feature Access - {{Part}} 1: {{Common}} Architecture},
  author = {(OGC) Open Geospatial Consortium Inc},
  date = {2011},
  number = {OGC 06-103r4},
  institution = {{(OGC) Open Geospatial Consortium Inc.}},
  url = {https://www.ogc.org/standards/sfa},
  editorb = {{John Herring}},
  editorbtype = {redactor},
  annotation = {ZSCC: NoCitationData[s0]}
}

@article{pereira_r5r_2021,
  title = {R5r: {{Rapid Realistic Routing}} on {{Multimodal Transport Networks}} with {{R}}{\textsuperscript{5}} in {{R}}},
  shorttitle = {R5r},
  author = {Pereira, Rafael H. M. and Saraiva, Marcus and Herszenhut, Daniel and Braga, Carlos Kaue Vieira and Conway, Matthew Wigginton},
  date = {2021-03-04},
  journaltitle = {Findings},
  shortjournal = {Findings},
  pages = {21262},
  publisher = {{Network Design Lab}},
  doi = {10.32866/001c.21262},
  url = {https://findingspress.org/article/21262-r5r-rapid-realistic-routing-on-multimodal-transport-networks-with-r-5-in-r},
  urldate = {2021-03-30},
  langid = {english},
  file = {/home/robin/Zotero/storage/ZIFQS6G3/Pereira et al. - 2021 - r5r Rapid Realistic Routing on Multimodal Transpo.pdf;/home/robin/Zotero/storage/536M7NL9/21262-r5r-rapid-realistic-routing-on-multimodal-transport-networks-with-r-5-in-r.html}
}

@article{rae_spatial_2009,
  title = {From Spatial Interaction Data to Spatial Interaction Information? {{Geovisualisation}} and Spatial Structures of Migration from the 2001 {{UK}} Census},
  author = {Rae, Alasdair},
  date = {2009-05},
  journaltitle = {Computers, Environment and Urban Systems},
  volume = {33},
  number = {3},
  pages = {161--178},
  issn = {01989715},
  doi = {10.1016/j.compenvurbsys.2009.01.007},
  url = {http://linkinghub.elsevier.com/retrieve/pii/S019897150900009X},
  keywords = {cartography,demography,flow,Flow mapping,Folder - GraphVisualization,Geovisualisation,GIS,jtc,migration,movement,network-analysis,social network,spatial,Spatial interaction data,spatial-networks,Urska supplied paper,visualization},
  file = {/home/robin/Zotero/storage/XCWRDIR3/Rae - 2009 - From spatial interaction data to spatial interaction information Geovisualisation and spatial structures of migration from.pdf}
}

@article{tennekes_design_2021,
  title = {Design {{Space}} of {{Origin-Destination Data Visualization}}},
  author = {Tennekes, Martijn and Chen, Min},
  date = {2021},
  journaltitle = {Computer Graphics Forum},
  volume = {40},
  number = {3},
  pages = {323--334},
  issn = {1467-8659},
  doi = {10.1111/cgf.14310},
  url = {https://onlinelibrary.wiley.com/doi/abs/10.1111/cgf.14310},
  urldate = {2022-01-12},
  langid = {english},
  annotation = {\_eprint: https://onlinelibrary.wiley.com/doi/pdf/10.1111/cgf.14310},
  file = {/home/robin/Zotero/storage/4A86YB6Y/cgf.html}
}

@article{vybornova_automated_2022a,
  title = {Automated {{Detection}} of {{Missing Links}} in {{Bicycle Networks}}},
  author = {Vybornova, Anastassia and Cunha, Tiago and Gühnemann, Astrid and Szell, Michael},
  date = {2022},
  journaltitle = {Geographical Analysis},
  volume = {n/a},
  number = {n/a},
  issn = {1538-4632},
  doi = {10.1111/gean.12324},
  url = {https://onlinelibrary.wiley.com/doi/abs/10.1111/gean.12324},
  urldate = {2022-03-29},
  langid = {english},
  annotation = {\_eprint: https://onlinelibrary.wiley.com/doi/pdf/10.1111/gean.12324},
  file = {/home/robin/Zotero/storage/CHN7KETI/Vybornova et al. - Automated Detection of Missing Links in Bicycle Ne.pdf;/home/robin/Zotero/storage/3SKY7Z25/gean.html}
}

@article{waldykowski_sustainable_2022,
  title = {Sustainable {{Urban Transport}}—{{Why}} a {{Fast Investment}} in a {{Complete Cycling Network Is Most Profitable}} for a {{City}}},
  author = {Wałdykowski, Piotr and Adamczyk, Joanna and Dorotkiewicz, Maciej},
  date = {2022-01},
  journaltitle = {Sustainability},
  volume = {14},
  number = {1},
  pages = {119},
  publisher = {{Multidisciplinary Digital Publishing Institute}},
  issn = {2071-1050},
  doi = {10.3390/su14010119},
  url = {https://www.mdpi.com/2071-1050/14/1/119},
  urldate = {2022-06-27},
  issue = {1},
  langid = {english},
  keywords = {cycling network,European Green Deal (EGD),sustainable transport,the Perfect Cycling City Model,Warsaw},
  file = {/home/robin/Zotero/storage/ZHWUICYT/Wałdykowski et al. - 2022 - Sustainable Urban Transport—Why a Fast Investment .pdf;/home/robin/Zotero/storage/KP65DG2T/119.html}
}

@article{wang_does_2016,
  title = {Does Bicycle Network Level of Traffic Stress ({{LTS}}) Explain Bicycle Travel Behavior? {{Mixed}} Results from an {{Oregon}} Case Study},
  shorttitle = {Does Bicycle Network Level of Traffic Stress ({{LTS}}) Explain Bicycle Travel Behavior?},
  author = {Wang, Haizhong and Palm, Matthew and Chen, Chen and Vogt, Rachel and Wang, Yiyi},
  date = {2016},
  journaltitle = {Journal of transport geography},
  volume = {57},
  pages = {8--18},
  file = {/home/robin/Zotero/storage/P3K5RHZE/S0966692316304616.html}
}


